@article{Nightmind2001,
  author  = {Nightmind, Oscar},
  journal = {American Economic Review},
  number  = {42},
  title   = {The Art of Deception: An economic review},
  volume  = {69},
  year    = {2001},
  pages   = {420-469}
}
@book{Clear2018,
  title     = {Atomic habits: An easy \& proven way to build good habits \& break bad ones},
  author    = {Clear, James},
  year      = {2018},
  publisher = {Penguin}
}